@article{adam2012experience,
  title={Experience replay for real-time reinforcement learning control},
  author={Adam, Sander and Busoniu, Lucian and Babuska, Robert},
  journal={IEEE Transactions on Systems, Man, and Cybernetics, Part C (Applications and Reviews)},
  volume={42},
  number={2},
  pages={201--212},
  year={2012},
  publisher={IEEE}
}
@article{justesen2017deep,
  title={Deep learning for video game playing},
  author={Justesen, Niels and Bontrager, Philip and Togelius, Julian and Risi, Sebastian},
  journal={arXiv preprint arXiv:1708.07902},
  year={2017}
}
@article{durugkar2016deep,
  title={Deep reinforcement learning with macro-actions},
  author={Durugkar, Ishan P and Rosenbaum, Clemens and Dernbach, Stefan and Mahadevan, Sridhar},
  journal={arXiv preprint arXiv:1606.04615},
  year={2016}
}
@misc{malzantot,
  title={Solution of MountainCar OpenAI Gym problem using Q-Learning},
  author={Moustafa Alzantot},
  year={2017},
  note={Avaialble at \url{https://gist.github.com/malzantot/9d1d3fa4fdc4a101bc48a135d8f9a289#file-mountaincar_qlearning-py}}
}
@article{sharma2017learning,
  title={Learning to repeat: Fine grained action repetition for deep reinforcement learning},
  author={Sharma, Sahil and Lakshminarayanan, Aravind S and Ravindran, Balaraman},
  journal={arXiv preprint arXiv:1702.06054},
  year={2017}
}
@mastersthesis{mtp,
  title={On the Effect of the Frequency of Decision Making in Temporal Difference Learning},
  author={A. Siddharth},
  school={Indian Institute of Technology Bombay},
  year={2017}
}
@article{paszke2017automatic,
  title={Automatic differentiation in PyTorch},
  author={Paszke, Adam and Gross, Sam and Chintala, Soumith and Chanan, Gregory and Yang, Edward and DeVito, Zachary and Lin, Zeming and Desmaison, Alban and Antiga, Luca and Lerer, Adam},
  year={2017}
}

